# bibliography 

% Optional fields: volume, number, pages, month, note
@ARTICLE{1,
	author = {Environmental Protection Agency},
	title = {Inventory of U.S. Greenhouse Gas Emissions and Sinks},
	journal = {EPA},
	year = {2017}
} 
% Optional fields: volume, number, pages, month, note
@ARTICLE{2,
	author = {CHOU, C.B., JHAVERI, J.,J., Baldwin, J.W., Hannam, P.M., Keller, K., Peng, W., Rabin, S., Ravikumar, A.P., Trierweiler, A.M., Wang, X.T., Socolow, R., Cohen, A., Cowley, S., Devoe, J.J., Dulon, K., Fisch, N., Glaser, A., Goldston, R., Hammett, G., Kolemen, E., Kyle, P., Larson, E., Meade, D., Prager, S., Rosner, R., Whyte, D., Zwicker, A.},
	title = {Fusion Energy via Magnetic Confinement},
	journal = {Journal of Fusion Energy},
	year = {2016}
}
% Optional fields: volume, number, pages, month, note
@ARTICLE{3,
	author = {United States Energy Information Administration},
	title = {Form EIA-860 detailed data},
	journal = {(data file)},
	year = {2016}
}
% Optional fields: volume, number, pages, month, note
% Optional fields: volume, number, pages, month, note
@ARTICLE{3a,
	author = {United States Energy Information Administration},
	title = {Annual Energy Outlook},
	journal = {EIA Publication},
	year = {2017}
}

% Optional fields: volume, number, pages, month, note
@ARTICLE{3b,
	author = {United States Energy Information Administration},
	title = {Integrating Module of National Energy Modeling System},
	journal = {Model Documentation},
	year = {2014}
}

@ARTICLE{4,
	author = {Short, W., Sullivan, P., Mai, T., Mowers, M., Uriarte, C., Blair, N., Heimiller, D., Martinez, A.},
	title = {Regional Energy Deployment System (ReDS)},
	journal = {NREL Publications},
	year = {2016},
	DOI={NREL/TP-6A20-46534}
}

% Optional fields: volume, number, pages, month, note
@ARTICLE{5,
	author = {Fishbone, L.G., Abilock, H.},
	title = {Markal, a linear programmingmodel for energy systems analysis: Technical description of the bnl version},
	journal = {Intenational Journal of Energy Research, Wiley Subscription Services},
	year = {1981},
	DOI = {10.1002/er.4440050406}
}

% Optional fields: volume, number, pages, month, note
@ARTICLE{6,
	author = {Cook, I., Miller, R.L., Ward, D.J.},
	title = {Prospects for economic fusion electricity},
	journal = {Fusion Engineering},
	year = {2002},
	pages = {25-33},
	volume = {63},
	DOI = {10.1016/S0920-3796(02)00286-7}
}

% Optional fields: volume, number, pages, month, note
@ARTICLE{7,
	author = {Tokimatsu, K., Asaoka, Y., Konishi, S., Fujino, J., Ogawa, Y., Okano, K., Nishio, S., Yoshida, T., Hiwatari, R., Yamaji, K.},
	title = {Studies of breakeven prices and electricity supply potentials of nuclear fusion by a long-term world energy and environmental model},
	journal = {Nuclear Fusion},
	year = {2002},
	volume = {42},
	pages = {1289}
}

% Optional fields: volume, number, pages, month, note
@ARTICLE{8,
	author = {Gnansounou, E., Bednyagin, D.},
	title = {Multi-Regional Long-Term Electricity Supply Scenarios with Fusion.},
	journal = {Fusion Science and Technology},
	year = {2007},
	pages = {388-393},
	volume = {52}
}

% Optional fields: volume, number, pages, month, note
@ARTICLE{11,
	author = {Han, W.E., Ward, D.J.},
	title = {Revised assessments of the economics of fusion power},
	journal = {Fusion Engineering},
	year = {2009},
	pages = {895-898},
	volume = {84},
	DOI= {10.1016/j.fusengdes.2008.12.104}
}

% Optional fields: volume, number, pages, month, note
@ARTICLE{12,
	author = {Grilliches, Z.},
	title = {Hybrid corn: an exploration in the economics of technological change},
	journal = {Econometrica},
	volume = {25},
	number = {4},
	pages = {501-522},
	year = {1957},
	DOI = {10.2307/1905380}
}
% Optional fields: volume, number, pages, month, note
@ARTICLE{13,
	author = {Sovacool, B.},
	title = {How long will it take? Conceptualizing in the economics of technological change},
	journal = {Energy Research and Social Science},
	year = {2016},
	volume = {25},
	pages = {202-215},
	DOI = {10.1016/j.erss.2015.12.020}
}

% Optional fields: volume, number, pages, month, note
@ARTICLE{14,
	author = {Bass, F.},
	title = {A new product growth for model consumer durables.},
	journal = {Management Science},
	year = {1969},
	volume = {15},
	number = {5},
	page = {215-227},
	DOI = {10.1287/mnsc.1040.0264.}
}

% Optional fields: volume, number, pages, month, note
@ARTICLE{15,
	author = {Kijek, T.},
	title = {Modeling of eco-innovation diffusion: The EU eco-label.},
	journal = {Comparative Economic Research},
	year = {2015},
	volume = {18},
	number = {1},
	pages = {65-79},
	DOI = {10.1515/cer-2015-0004}
}

% Optional fields: volume, number, pages, month, note
@ARTICLE{16,
	author = {Wang, L., Wood, B.},
	title = {An epidemiological approach to model the viral propagation of memes},
	journal = {Applied Mathematical Modeling},
	year = {2011},
	volume = {35},
	number = {11},
	pages = {5542-5447},
	DOI = {DOI:10.1016/j.apm.2011.04.035}
}

% Optional fields: volume, number, pages, month, note
@ARTICLE{17,
	author = {Schilling, M.,Esmundo, M.},
	title = {Technology S-curves in renewable energy alternatives: Analysis and implications for industry and government.},
	journal = {Energy Policy},
	year = {2008},
	DOI = {10.1016/j.enpol.2009.01.004}
}

% Optional fields: volume, number, pages, month, note
@ARTICLE{18,
	author = {Gilbert, N.},
	title = {Agent-based models (quantitative applications in the social sciences.)},
	journal = {SAGE publications, inc. Thousand Oaks.},
	year = {2008}
}

% Optional fields: volume, number, pages, month, note
@ARTICLE{19,
	author = {Weidlich, A., Veit, D.},
	title = {A critical survey of agent-based whole-sale electricity market models},
	journal = {Energy economics},
	year = {2008},
	volume = {30},
	number = {4},
	pages = {1728 - 1759},
	DOI = {10.1016/j.eneco.2008.01.003}
}

% Optional fields: volume, number, pages, month, note
@ARTICLE{20,
	author = {United States Energy Information Administration},
	title = {Form EIA - 1605 Appendix H},
	journal = {EIA publications},
	year = {2016}
}

% Optional fields: volume, number, pages, month, note
@ARTICLE{21,
	author = {Intergovernmental Panel on Climate Change (IPCC)},
	title = {Table A.111.2. Annex 111. Climate change 2012: Synthesis report. Contribution of working groups 1, 11, and 111 to the fifth assessment report of the intergovernmental panel on climate change.},
	journal = {IPCC Publications},
	year = {2012},
	page = {151}
}

% Optional fields: volume, number, pages, month, note
@ARTICLE{22,
	author = {IPCC},
	title = {Climate change 2014: Synthesis report. Contribution of working groups 1, 11, and 111 to the fifth assessment report of the intergovernmental panel on climate change},
	journal = {IPCC Publications},
	year = {2014}
}

% Optional fields: volume, number, pages, month, note
@ARTICLE{23,
	author = {Boden, T.A., Marland, G., Andres, R.J.},
	title = {National CO2 Emissions from Fossil Fuel Burning, Cement Manufacture, and Gas Flaring},
	journal = {Carbon Dioxide Information Analysis Center, Oak Ridge National Laboratory, U.S. Department of Energy},
	year = {2017},
	DOI = {10.3334/CDIAC/00001_V2017.}




